
@INPROCEEDINGS{Stadler96publiclyverifiable,
    author = {Markus Stadler},
    title = {Publicly Verifiable Secret Sharing},
    booktitle = {},
    year = {1996},
    pages = {190--199},
    publisher = {Springer-Verlag}
}

@INPROCEEDINGS{Schoenmakers99asimple,
    author = {Berry Schoenmakers},
    title = {A simple publicly verifiable secret sharing scheme and its application to electronic voting},
    booktitle = {In CRYPTO},
    year = {1999},
    pages = {148--164},
    publisher = {Springer-Verlag}
}

@techreport{TLP,
 author = {Rivest, R. L. and Shamir, A. and Wagner, D. A.},
 title = {Time-lock Puzzles and Timed-release Crypto},
 year = {1996},
 source = {http://www.ncstrl.org:8900/ncstrl/servlet/search?formname=detail\&id=oai%3Ancstrlh%3Amitai%3AMIT-LCS%2F%2FMIT%2FLCS%2FTR-684},
 publisher = {Massachusetts Institute of Technology},
 address = {Cambridge, MA, USA},
 url = {https://people.csail.mit.edu/rivest/pubs/RSW96.pdf},
} 

@book{Parhami,
author = {Parhami, B},
year = {2000},
month = {01},
pages = {},
title = {Computer Arithmetic: Algorithms and Hardware Designs},
isbn = {978-0-19-512583-2}
}

@article{RNS14,
author = {Antao, Samuel and Sousa, Leonel},
year = {2014},
month = {09},
pages = {249-259},
title = {A Flexible Architecture for Modular Arithmetic Hardware Accelerators based on RNS},
volume = {76},
journal = {Journal of Signal Processing Systems},
doi = {10.1007/s11265-014-0879-y}
}

@inproceedings{RNS13,
author = {Antao, Samuel and Sousa, Leonel},
year = {2013},
month = {10},
pages = {2572-2576},
title = {An RNS-based architecture targeting hardware accelerators for modular arithmetic},
journal = {Acoustics, Speech, and Signal Processing, 1988. ICASSP-88., 1988 International Conference on},
doi = {10.1109/ICASSP.2013.6638120}
}

@article{SchinianakisStouraitis2014,
author = {Schinianakis, Dr. Dimitrios and Stouraitis, Thanos},
year = {2014},
month = {04},
pages = {1156-1169},
title = {Multifunction Residue Architectures for Cryptography},
volume = {61},
journal = {Circuits and Systems I: Regular Papers, IEEE Transactions on},
doi = {10.1109/TCSI.2013.2283674}
}

